@ARTICLE{1onlinetune,
    author    = {{\'{E}}ric Gaussier and
               J{\'{e}}r{\^{o}}me Lelong and
               Valentin Reis and
               Denis Trystram},
  title     = {Online Tuning of EASY-Backfilling using Queue Reordering Policies},
  journal   = {{IEEE} Trans. Parallel Distrib. Syst.},
  volume    = {29},
  number    = {10},
  pages     = {2304--2316},
  year      = {2018},
  url       = {https://doi.org/10.1109/TPDS.2018.2820699},
  doi       = {10.1109/TPDS.2018.2820699},
  timestamp = {Wed, 03 Oct 2018 11:11:17 +0200},
  bibsource = {dblp computer science bibliography, https://dblp.org}
}
  
@INPROCEEDINGS{2SC15,
  author    = {{\'{E}}ric Gaussier and
               David Glesser and
               Valentin Reis and
               Denis Trystram},
  editor    = {Jackie Kern and
               Jeffrey S. Vetter},
  title     = {Improving backfilling by using machine learning to predict running
               times},
  booktitle = {Proceedings of the International Conference for High Performance Computing,
               Networking, Storage and Analysis, {SC} 2015, Austin, TX, USA, November
               15-20, 2015},
  pages     = {64:1--64:10},
  publisher = {{ACM}},
  year      = {2015},
  url       = {https://doi.org/10.1145/2807591.2807646},
  doi       = {10.1145/2807591.2807646},
  timestamp = {Tue, 06 Nov 2018 16:59:28 +0100},
  biburl    = {https://dblp.org/rec/conf/sc/GaussierGRT15.bib},
  bibsource = {dblp computer science bibliography, https://dblp.org}
}
  
@INPROCEEDINGS{3Cluster17,
  author    = {Yuping Fan and
               Paul Rich and
               William E. Allcock and
               Michael E. Papka and
               Zhiling Lan},
  title     = {Trade-Off Between Prediction Accuracy and Underestimation Rate in
               Job Runtime Estimates},
  booktitle = {2017 {IEEE} International Conference on Cluster Computing, {CLUSTER}
               2017, Honolulu, HI, USA, September 5-8, 2017},
  pages     = {530--540},
  publisher = {{IEEE} Computer Society},
  year      = {2017},
  url       = {https://doi.org/10.1109/CLUSTER.2017.11},
  doi       = {10.1109/CLUSTER.2017.11},
  timestamp = {Wed, 16 Oct 2019 14:14:57 +0200},
  biburl    = {https://dblp.org/rec/conf/cluster/FanRAPL17.bib},
  bibsource = {dblp computer science bibliography, https://dblp.org}
}

@inproceedings{4SC17,
  author    = {Danilo Carastan{-}Santos and
               Raphael Y. de Camargo},
  editor    = {Bernd Mohr and
               Padma Raghavan},
  title     = {Obtaining dynamic scheduling policies with simulation and machine
               learning},
  booktitle = {Proceedings of the International Conference for High Performance Computing,
               Networking, Storage and Analysis, {SC} 2017, Denver, CO, USA, November
               12 - 17, 2017},
  pages     = {32:1--32:13},
  publisher = {{ACM}},
  year      = {2017},
  url       = {https://doi.org/10.1145/3126908.3126955},
  doi       = {10.1145/3126908.3126955},
  timestamp = {Wed, 25 Sep 2019 18:10:30 +0200},
  biburl    = {https://dblp.org/rec/conf/sc/Carastan-Santos17.bib},
  bibsource = {dblp computer science bibliography, https://dblp.org}
}

@INPROCEEDINGS {5Cluster09,
  author    = {Wei Tang and
               Zhiling Lan and
               Narayan Desai and
               Daniel Buettner},
  title     = {Fault-aware, utility-based job scheduling on Blue, Gene/P systems},
  booktitle = {Proceedings of the 2009 {IEEE} International Conference on Cluster
               Computing, August 31 - September 4, 2009, New Orleans, Louisiana,
               {USA}},
  pages     = {1--10},
  publisher = {{IEEE} Computer Society},
  year      = {2009},
  url       = {https://doi.org/10.1109/CLUSTR.2009.5289206},
  doi       = {10.1109/CLUSTR.2009.5289206},
  timestamp = {Wed, 16 Oct 2019 14:14:57 +0200},
  biburl    = {https://dblp.org/rec/conf/cluster/TangLDB09.bib},
  bibsource = {dblp computer science bibliography, https://dblp.org}
}

@article{6Tsafrir,
  author    = {Dan Tsafrir and
               Yoav Etsion and
               Dror G. Feitelson},
  title     = {Backfilling Using System-Generated Predictions Rather than User Runtime
               Estimates},
  journal   = {{IEEE} Trans. Parallel Distrib. Syst.},
  volume    = {18},
  number    = {6},
  pages     = {789--803},
  year      = {2007},
  url       = {https://doi.org/10.1109/TPDS.2007.70606},
  doi       = {10.1109/TPDS.2007.70606},
  timestamp = {Fri, 30 Nov 2018 13:25:30 +0100},
  biburl    = {https://dblp.org/rec/journals/tpds/TsafrirEF07.bib},
  bibsource = {dblp computer science bibliography, https://dblp.org}
}

@inproceedings{7Sim,
  author    = {Mohammad Abu Obaida and
               Jason Liu},
  title     = {Simulation of {HPC} job scheduling and large-scale parallel workloads},
  booktitle = {2017 Winter Simulation Conference, {WSC} 2017, Las Vegas, NV, USA,
               December 3-6, 2017},
  pages     = {920--931},
  publisher = {{IEEE}},
  year      = {2017},
  url       = {https://doi.org/10.1109/WSC.2017.8247843},
  doi       = {10.1109/WSC.2017.8247843},
  timestamp = {Wed, 16 Oct 2019 14:14:56 +0200},
  biburl    = {https://dblp.org/rec/conf/wsc/ObaidaL17.bib},
  bibsource = {dblp computer science bibliography, https://dblp.org}
}

@inproceedings{8Model,
  author    = {Dan Tsafrir and
               Yoav Etsion and
               Dror G. Feitelson},
  editor    = {Dror G. Feitelson and
               Eitan Frachtenberg and
               Larry Rudolph and
               Uwe Schwiegelshohn},
  title     = {Modeling User Runtime Estimates},
  booktitle = {Job Scheduling Strategies for Parallel Processing, 11th International
               Workshop, {JSSPP} 2005, Cambridge, MA, USA, June 19, 2005, Revised
               Selected Papers},
  series    = {Lecture Notes in Computer Science},
  volume    = {3834},
  pages     = {1--35},
  publisher = {Springer},
  year      = {2005},
  url       = {https://doi.org/10.1007/11605300\_1},
  doi       = {10.1007/11605300\_1},
  timestamp = {Fri, 27 Mar 2020 08:52:35 +0100},
  biburl    = {https://dblp.org/rec/conf/jsspp/TsafrirEF05.bib},
  bibsource = {dblp computer science bibliography, https://dblp.org}
}

@article{9JSC,
  author    = {Ju{-}Won Park and
               Eunhye Kim},
  title     = {Runtime prediction of parallel applications with workload-aware clustering},
  journal   = {J. Supercomput.},
  volume    = {73},
  number    = {11},
  pages     = {4635--4651},
  year      = {2017},
  url       = {https://doi.org/10.1007/s11227-017-2038-2},
  doi       = {10.1007/s11227-017-2038-2},
  timestamp = {Fri, 22 May 2020 13:26:56 +0200},
  biburl    = {https://dblp.org/rec/journals/tjs/ParkK17.bib},
  bibsource = {dblp computer science bibliography, https://dblp.org}
}

@article{10JPDC,
  author    = {Dror G. Feitelson and
               Dan Tsafrir and
               David Krakov},
  title     = {Experience with using the Parallel Workloads Archive},
  journal   = {J. Parallel Distributed Comput.},
  volume    = {74},
  number    = {10},
  pages     = {2967--2982},
  year      = {2014},
  url       = {https://doi.org/10.1016/j.jpdc.2014.06.013},
  doi       = {10.1016/j.jpdc.2014.06.013},
  timestamp = {Sat, 22 Feb 2020 19:35:22 +0100},
  biburl    = {https://dblp.org/rec/journals/jpdc/FeitelsonTK14.bib},
  bibsource = {dblp computer science bibliography, https://dblp.org}
}

@InProceedings{11JSSPP,
  author    = {Dalibor Klus{\'{a}}cek and
               V{\'{a}}clav Chlumsk{\'{y}}},
  editor    = {Dalibor Klus{\'{a}}cek and
               Walfredo Cirne and
               Narayan Desai},
  title     = {Evaluating the Impact of Soft Walltimes on Job Scheduling Performance},
  booktitle = {Job Scheduling Strategies for Parallel Processing - 22nd International
               Workshop, {JSSPP} 2018, Vancouver, BC, Canada, May 25, 2018, Revised
               Selected Papers},
  series    = {Lecture Notes in Computer Science},
  volume    = {11332},
  pages     = {15--38},
  publisher = {Springer},
  year      = {2018},
  url       = {https://doi.org/10.1007/978-3-030-10632-4\_2},
  doi       = {10.1007/978-3-030-10632-4\_2},
  timestamp = {Tue, 14 May 2019 10:00:50 +0200},
  biburl    = {https://dblp.org/rec/conf/jsspp/KlusacekC18.bib},
  bibsource = {dblp computer science bibliography, https://dblp.org}
}

@InProceedings{12EASY,
  author    = {Joseph Skovira and
               Waiman Chan and
               Honbo Zhou and
               David A. Lifka},
  editor    = {Dror G. Feitelson and
               Larry Rudolph},
  title     = {The {EASY} - LoadLeveler {API} Project},
  booktitle = {Job Scheduling Strategies for Parallel Processing, IPPS'96 Workshop,
               Honolulu, Haiwai, USA, April 16, 1996, Proceedings},
  series    = {Lecture Notes in Computer Science},
  volume    = {1162},
  pages     = {41--47},
  publisher = {Springer},
  year      = {1996},
  url       = {https://doi.org/10.1007/BFb0022286},
  doi       = {10.1007/BFb0022286},
  timestamp = {Tue, 14 May 2019 10:00:50 +0200},
  biburl    = {https://dblp.org/rec/conf/jsspp/SkoviraCZL96.bib},
  bibsource = {dblp computer science bibliography, https://dblp.org}
}

@InProceedings{13Slurm,
  author    = {Andy B. Yoo and
               Morris A. Jette and
               Mark Grondona},
  editor    = {Dror G. Feitelson and
               Larry Rudolph and
               Uwe Schwiegelshohn},
  title     = {{SLURM:} Simple Linux Utility for Resource Management},
  booktitle = {Job Scheduling Strategies for Parallel Processing, 9th International
               Workshop, {JSSPP} 2003, Seattle, WA, USA, June 24, 2003, Revised Papers},
  series    = {Lecture Notes in Computer Science},
  volume    = {2862},
  pages     = {44--60},
  publisher = {Springer},
  year      = {2003},
  url       = {https://doi.org/10.1007/10968987\_3},
  doi       = {10.1007/10968987\_3},
  timestamp = {Sun, 02 Jun 2019 21:17:37 +0200},
  biburl    = {https://dblp.org/rec/conf/jsspp/YooJG03.bib},
  bibsource = {dblp computer science bibliography, https://dblp.org}
}

@inproceedings{14Prio,
  author    = {David Talby and
               Dror G. Feitelson},
  title     = {Supporting Priorities and Improving Utilization of the {IBM} {SP}
               Scheduler Using Slack-Based Backfilling},
  booktitle = {13th International Parallel Processing Symposium / 10th Symposium
               on Parallel and Distributed Processing {(IPPS} / {SPDP} '99), 12-16
               April 1999, San Juan, Puerto Rico, Proceedings},
  pages     = {513--517},
  publisher = {{IEEE} Computer Society},
  year      = {1999},
  url       = {https://doi.org/10.1109/IPPS.1999.760525},
  doi       = {10.1109/IPPS.1999.760525},
  timestamp = {Fri, 27 Dec 2019 21:28:21 +0100},
  biburl    = {https://dblp.org/rec/conf/ipps/TalbyF99.bib},
  bibsource = {dblp computer science bibliography, https://dblp.org}
}

@article{15Utili,
  author    = {Ahuva Mu'alem Weil and
               Dror G. Feitelson},
  title     = {Utilization, Predictability, Workloads, and User Runtime Estimates
               in Scheduling the {IBM} {SP2} with Backfilling},
  journal   = {{IEEE} Trans. Parallel Distrib. Syst.},
  volume    = {12},
  number    = {6},
  pages     = {529--543},
  year      = {2001},
  url       = {https://doi.org/10.1109/71.932708},
  doi       = {10.1109/71.932708},
  timestamp = {Fri, 27 Dec 2019 21:15:41 +0100},
  biburl    = {https://dblp.org/rec/journals/tpds/MualemF01.bib},
  bibsource = {dblp computer science bibliography, https://dblp.org}
}

@inproceedings{16Random,
  author    = {Dejan Perkovic and
               Peter J. Keleher},
  editor    = {Jed Donnelley},
  title     = {Randomization, Speculation, and Adaptation in Batch Schedulers},
  booktitle = {Proceedings Supercomputing 2000, November 4-10, 2000, Dallas, Texas,
               {USA.} {IEEE} Computer Society, {CD-ROM}},
  pages     = {7},
  publisher = {{IEEE} Computer Society},
  year      = {2000},
  url       = {https://doi.org/10.1109/SC.2000.10041},
  doi       = {10.1109/SC.2000.10041},
  timestamp = {Wed, 16 Oct 2019 14:14:57 +0200},
  biburl    = {https://dblp.org/rec/conf/sc/PerkovicK00.bib},
  bibsource = {dblp computer science bibliography, https://dblp.org}
}

@INPROCEEDINGS{17Cluster16,
  author    = {Ryan McKenna and
               Stephen Herbein and
               Adam Moody and
               Todd Gamblin and
               Michela Taufer},
  title     = {Machine Learning Predictions of Runtime and {IO} Traffic on High-End
               Clusters},
  booktitle = {2016 {IEEE} International Conference on Cluster Computing, {CLUSTER}
               2016, Taipei, Taiwan, September 12-16, 2016},
  pages     = {255--258},
  publisher = {{IEEE} Computer Society},
  year      = {2016},
  url       = {https://doi.org/10.1109/CLUSTER.2016.58},
  doi       = {10.1109/CLUSTER.2016.58},
  timestamp = {Wed, 16 Oct 2019 14:14:57 +0200},
  biburl    = {https://dblp.org/rec/conf/cluster/McKennaHMGT16.bib},
  bibsource = {dblp computer science bibliography, https://dblp.org}
}

@INPROCEEDINGS {18Cluster19,
  author    = {Kundjanasith Thonglek and
               Kohei Ichikawa and
               Keichi Takahashi and
               Hajimu Iida and
               Chawanat Nakasan},
  title     = {Improving Resource Utilization in Data Centers using an LSTM-based
               Prediction Model},
  booktitle = {2019 {IEEE} International Conference on Cluster Computing, {CLUSTER}
               2019, Albuquerque, NM, USA, September 23-26, 2019},
  pages     = {1--8},
  publisher = {{IEEE}},
  year      = {2019},
  url       = {https://doi.org/10.1109/CLUSTER.2019.8891022},
  doi       = {10.1109/CLUSTER.2019.8891022},
  timestamp = {Fri, 27 Dec 2019 21:27:51 +0100},
  biburl    = {https://dblp.org/rec/conf/cluster/ThonglekITIN19.bib},
  bibsource = {dblp computer science bibliography, https://dblp.org}
}

@inproceedings{19Norm,
  author    = {St{\'{e}}phane Ross and
               Paul Mineiro and
               John Langford},
  editor    = {Ann Nicholson and
               Padhraic Smyth},
  title     = {Normalized Online Learning},
  booktitle = {Proceedings of the Twenty-Ninth Conference on Uncertainty in Artificial
               Intelligence, {UAI} 2013, Bellevue, WA, USA, August 11-15, 2013},
  publisher = {{AUAI} Press},
  year      = {2013},
  url       = {https://dslpitt.org/uai/displayArticleDetails.jsp?mmnu=1\&smnu=2\&article\_id=2415\&proceeding\_id=29},
  timestamp = {Sat, 06 Jan 2018 16:54:35 +0100},
  biburl    = {https://dblp.org/rec/conf/uai/RossML13.bib},
  bibsource = {dblp computer science bibliography, https://dblp.org}
}

@inproceedings{20Check,
  author    = {Shuangcheng Niu and
               Jidong Zhai and
               Xiaosong Ma and
               Mingliang Liu and
               Yan Zhai and
               Wenguang Chen and
               Weimin Zheng},
  editor    = {Walfredo Cirne and
               Narayan Desai and
               Eitan Frachtenberg and
               Uwe Schwiegelshohn},
  title     = {Employing Checkpoint to Improve Job Scheduling in Large-Scale Systems},
  booktitle = {Job Scheduling Strategies for Parallel Processing, 16th International
               Workshop, {JSSPP} 2012, Shanghai, China, May 25, 2012. Revised Selected
               Papers},
  series    = {Lecture Notes in Computer Science},
  volume    = {7698},
  pages     = {36--55},
  publisher = {Springer},
  year      = {2012},
  url       = {https://doi.org/10.1007/978-3-642-35867-8\_3},
  doi       = {10.1007/978-3-642-35867-8\_3},
  timestamp = {Fri, 27 Mar 2020 08:52:35 +0100},
  biburl    = {https://dblp.org/rec/conf/jsspp/NiuZMLZCZ12.bib},
  bibsource = {dblp computer science bibliography, https://dblp.org}
}

@article{21JPDC,
  author    = {Henri Casanova and
               Arnaud Giersch and
               Arnaud Legrand and
               Martin Quinson and
               Fr{\'{e}}d{\'{e}}ric Suter},
  title     = {Versatile, scalable, and accurate simulation of distributed applications
               and platforms},
  journal   = {J. Parallel Distributed Comput.},
  volume    = {74},
  number    = {10},
  pages     = {2899--2917},
  year      = {2014},
  url       = {https://doi.org/10.1016/j.jpdc.2014.06.008},
  doi       = {10.1016/j.jpdc.2014.06.008},
  timestamp = {Sat, 22 Feb 2020 19:36:35 +0100},
  biburl    = {https://dblp.org/rec/journals/jpdc/CasanovaGLQS14.bib},
  bibsource = {dblp computer science bibliography, https://dblp.org}
}

@article{22GPU,
  author    = {Cong Thuan Do and
               Hong Jun Choi and
               Sung Woo Chung and
               Cheol Hong Kim},
  title     = {A novel warp scheduling scheme considering long-latency operations
               for high-performance GPUs},
  journal   = {J. Supercomput.},
  volume    = {76},
  number    = {4},
  pages     = {3043--3062},
  year      = {2020},
  url       = {https://doi.org/10.1007/s11227-019-03091-2},
  doi       = {10.1007/s11227-019-03091-2},
  timestamp = {Fri, 22 May 2020 21:53:59 +0200},
  biburl    = {https://dblp.org/rec/journals/tjs/DoCCK20.bib},
  bibsource = {dblp computer science bibliography, https://dblp.org}
}

@article{23Lijingbo,
  author    = {Jingbo Li and Xingjun Zhang and Jianfeng Zhou and Xiaoshe Dong and Chuhua Zhang},
  title     = {sw{HPFM}: Refactoring and Optimizing the Structured Grid Fluid Mechanical Algorithm on the Sunway TaihuLight Supercomputer.},
  journal   = {Appl. Sci.},
  volume    = {10},
  number    = {1},
  pages     = {72},
  year      = {2020},
}

@article{24FGCS,
  author    = {Goshgar Ismayilov and
               Haluk Rahmi Topcuoglu},
  title     = {Neural network based multi-objective evolutionary algorithm for dynamic
               workflow scheduling in cloud computing},
  journal   = {Future Gener. Comput. Syst.},
  volume    = {102},
  pages     = {307--322},
  year      = {2020},
  url       = {https://doi.org/10.1016/j.future.2019.08.012},
  doi       = {10.1016/j.future.2019.08.012},
  timestamp = {Wed, 19 Feb 2020 14:14:55 +0100},
  biburl    = {https://dblp.org/rec/journals/fgcs/IsmayilovT20.bib},
  bibsource = {dblp computer science bibliography, https://dblp.org}
}